%http://en.wikipedia.org/wiki/BibTeX --How to is all there

@phdthesis{phdthesisAshraf,
author = "I. Ashraf",
title = " Communication Driven Mapping of Applications on Multicore Platforms",
school = "Delft University of Technology",
address = "Delft, Netherlands",
month = "April",
year = "2016"
}